
@article{Ashbridge2000,
  title = {Coverage-Adjusted Estimators for Mark-Recapture in Heterogeneous Populations},
  author = {Ashbridge, J. and Goudie, Ian B. J.},
  year = {2000},
  journal = {Communications in Statistics - Simulation and Computation},
  volume = {29},
  number = {4},
  pages = {1215--1237},
  doi = {10.1080/03610910008813661}
}

@article{Beck2009,
  title = {Generalised Information and Entropy Measures in Physics},
  author = {Beck, Christian},
  year = {2009},
  journal = {Contemporary Physics},
  volume = {50},
  number = {4},
  pages = {495--510},
  doi = {10.1080/00107510902823517}
}

@article{Beck2010,
  title = {Comparing Measures of Species Diversity from Incomplete Inventories: An Update},
  author = {Beck, Jan and Schwanghart, Wolfgang},
  year = {2010},
  journal = {Methods in Ecology and Evolution},
  volume = {1},
  number = {1},
  pages = {38--44},
  doi = {10.1111/j.2041-210X.2009.00003.x}
}

@article{Bonachela2008,
  title = {Entropy Estimates of Small Data Sets},
  author = {Bonachela, Juan A. and Hinrichsen, Haye and Mu{\~n}oz, Miguel A.},
  year = {2008},
  journal = {Journal of Physics A: Mathematical and Theoretical},
  volume = {41},
  number = {202001},
  pages = {1--9},
  doi = {10.1088/1751-8113/41/20/202001}
}

@article{Brose2003,
  title = {Estimating Species Richness: {{Sensitivity}} to Sample Coverage and Insensitivity to Spatial Patterns},
  author = {Brose, Ulrich and Martinez, Neo D. and Williams, Richard J.},
  year = {2003},
  journal = {Ecology},
  volume = {84},
  number = {9},
  pages = {2364--2377},
  doi = {10.1890/02-0558}
}

@article{Bulmer1974,
  title = {On Fitting the Poisson Lognormal Distribution to Species-Abundance Data},
  author = {Bulmer, M. G.},
  year = {1974},
  journal = {Biometrics},
  volume = {30},
  number = {1},
  pages = {101--110},
  doi = {10.2307/1939021}
}

@article{Burnham1979,
  title = {Robust Estimation of Population Size When Capture Probabilities Vary among Animals},
  author = {Burnham, K. P. and Overton, W. S.},
  year = {1979},
  journal = {Ecology},
  volume = {60},
  number = {5},
  pages = {927--936},
  doi = {10.2307/1936861}
}

@article{Cao2014,
  title = {{{EntropyEstimation}}: {{Estimation}} of Entropy and Related Quantities},
  author = {Cao, Lijuan and Grabchak, Michael},
  year = {2014}
}

@article{Chao1984,
  title = {Nonparametric Estimation of the Number of Classes in a Population},
  author = {Chao, Anne},
  year = {1984},
  journal = {Scandinavian Journal of Statistics},
  volume = {11},
  number = {4},
  pages = {265--270}
}

@article{Chao1988,
  title = {A Generalized {{Good}}'s Nonparametric Coverage Estimator},
  author = {Chao, Anne and Lee, Shen-Ming and Chen, T.-C.},
  year = {1988},
  journal = {Chinese Journal of Mathematics},
  volume = {16},
  pages = {189--199}
}

@article{Chao2003,
  title = {Nonparametric Estimation of {{Shannon}}'s Index of Diversity When There Are Unseen Species in Sample},
  author = {Chao, Anne and Shen, Tsung-Jen},
  year = {2003},
  journal = {Environmental and Ecological Statistics},
  volume = {10},
  number = {4},
  pages = {429--443},
  doi = {10.1023/A:1026096204727}
}

@article{Chao2010a,
  title = {Program {{SPADE}}: {{Species}} Prediction and Diversity Estimation. {{Program}} and User's Guide.},
  author = {Chao, Anne and Shen, Tsung-Jen},
  year = {2010},
  publisher = {{CARE}},
  address = {{Hsin-Chu, Taiwan}}
}

@article{Chao2012b,
  title = {Coverage-Based Rarefaction and Extrapolation: Standardizing Samples by Completeness Rather than Size},
  author = {Chao, Anne and Jost, Lou},
  year = {2012},
  journal = {Ecology},
  volume = {93},
  number = {12},
  pages = {2533--2547},
  doi = {10.1890/11-1952.1}
}

@article{Chao2013,
  title = {Entropy and the Species Accumulation Curve: A Novel Entropy Estimator via Discovery Rates of New Species},
  author = {Chao, Anne and Wang, Yi-Ting and Jost, Lou},
  year = {2013},
  journal = {Methods in Ecology and Evolution},
  volume = {4},
  number = {11},
  pages = {1091--1100},
  doi = {10.1111/2041-210x.12108}
}

@article{Chao2014c,
  title = {Unveiling the Species-Rank Abundance Distribution by Generalizing Good-Turing Sample Coverage Theory},
  author = {Chao, Anne and Hsieh, T. C. and Chazdon, Robin L. and Colwell, Robert K. and Gotelli, Nicholas J.},
  year = {2015},
  journal = {Ecology},
  volume = {96},
  number = {5},
  pages = {1189--1201},
  doi = {10.1890/14-0550.1}
}

@article{Chao2015,
  title = {Estimating Diversity and Entropy Profiles via Discovery Rates of New Species},
  author = {Chao, Anne and Jost, Lou},
  year = {2015},
  journal = {Methods in Ecology and Evolution},
  volume = {6},
  number = {8},
  pages = {873--882},
  doi = {10.1111/2041-210X.12349}
}

@article{Chiu2014a,
  title = {An Improved Nonparametric Lower Bound of Species Richness via a Modified Good-Turing Frequency Formula},
  author = {Chiu, Chun-Huo and Wang, Yi-Ting and Walther, Bruno A. and Chao, Anne},
  year = {2014},
  journal = {Biometrics},
  volume = {70},
  number = {3},
  pages = {671--682},
  doi = {10.1111/biom.12200}
}

@article{Cormack1989,
  title = {Log-Linear Models for Capture-Recapture},
  author = {Cormack, R. M.},
  year = {1989},
  journal = {Biometrics},
  volume = {45},
  number = {2},
  pages = {395--413},
  doi = {10.2307/2531485}
}

@article{Daroczy1970,
  title = {Generalized Information Functions},
  author = {Dar{\'o}czy, Zolt{\'a}n},
  year = {1970},
  journal = {Information and Control},
  volume = {16},
  number = {1},
  pages = {36--51},
  doi = {10.1016/s0019-9958(70)80040-7}
}

@article{Dauby2012,
  title = {Sampled-Based Estimation of Diversity Sensu Stricto by Transforming {{Hurlbert}} Diversities into Effective Number of Species},
  author = {Dauby, Gilles and Hardy, Olivier J.},
  year = {2012},
  journal = {Ecography},
  volume = {35},
  number = {7},
  pages = {661--672},
  doi = {10.1111/j.1600-0587.2011.06860.x}
}

@article{Dewar2008,
  title = {Statistical Mechanics Unifies Different Ecological Patterns},
  author = {Dewar, Roderick C. and Port{\'e}, Annabel},
  year = {2008},
  journal = {Journal of theoretical biology},
  volume = {251},
  number = {3},
  pages = {389--403},
  doi = {10.1016/j.jtbi.2007.12.007}
}

@article{Engen1996,
  title = {Population Dynamic Models Generating the Lognormal Species Abundance Distribution},
  author = {Engen, Steinar and Lande, Russell},
  year = {1996},
  journal = {Mathematical Biosciences},
  volume = {132},
  number = {2},
  pages = {169--183},
  doi = {10.1016/0025-5564(95)00054-2}
}

@article{Esty1983,
  title = {A Normal Limit Law for a Nonparametric Estimator of the Coverage of a Random Sample},
  author = {Esty, Warren W},
  year = {1983},
  journal = {The Annals of Statistics},
  volume = {11},
  number = {3},
  pages = {905--912},
  doi = {10.2307/2240652}
}

@article{Good1953,
  title = {The Population Frequency of Species and the Estimation of Population Parameters},
  author = {Good, I. J.},
  year = {1953},
  journal = {Biometrika},
  volume = {40},
  number = {3/4},
  pages = {237--264},
  doi = {10.1093/biomet/40.3-4.237}
}

@book{Gourlet-Fleury2004,
  title = {Ecology \& Management of a Neotropical Rainforest. {{Lessons}} Drawn from {{Paracou}}, a Long-Term Experimental Research Site in {{French Guiana}}},
  author = {{Gourlet-Fleury}, Sylvie and Guehl, Jean Marc and Laroussinie, Olivier},
  year = {2004},
  publisher = {{Elsevier}},
  address = {{Paris}}
}

@article{Grassberger1988,
  title = {Finite Sample Corrections to Entropy and Dimension Estimates},
  author = {Grassberger, Peter},
  year = {1988},
  journal = {Physics Letters A},
  volume = {128},
  number = {6-7},
  pages = {369--373},
  doi = {10.1016/0375-9601(88)90193-4}
}

@article{Haegeman2013,
  title = {Robust Estimation of Microbial Diversity in Theory and in Practice},
  author = {Haegeman, Bart and Hamelin, J{\'e}r{\^o}me and Moriarty, John and Neal, Peter and Dushoff, Jonathan and Weitz, Joshua S},
  year = {2013},
  journal = {The ISME journal},
  volume = {7},
  number = {6},
  pages = {1092--101},
  doi = {10.1038/ismej.2013.10}
}

@article{Havrda1967,
  title = {Quantification Method of Classification Processes. {{Concept}} of Structural Alpha-Entropy},
  author = {Havrda, Jan and Charv{\'a}t, Franti{\v s}ek},
  year = {1967},
  journal = {Kybernetika},
  volume = {3},
  number = {1},
  pages = {30--35}
}

@article{Hill1973,
  title = {Diversity and Evenness: {{A}} Unifying Notation and Its Consequences},
  author = {Hill, M. O.},
  year = {1973},
  journal = {Ecology},
  volume = {54},
  number = {2},
  pages = {427--432},
  doi = {10.2307/1934352}
}

@article{Horvitz1952,
  title = {A Generalization of Sampling without Replacement from a Finite Universe},
  author = {Horvitz, D. G. and Thompson, D. J.},
  year = {1952},
  journal = {Journal of the American Statistical Association},
  volume = {47},
  number = {260},
  pages = {663--685},
  doi = {10.1080/01621459.1952.10483446}
}

@article{Jost2006,
  title = {Entropy and Diversity},
  author = {Jost, Lou},
  year = {2006},
  journal = {Oikos},
  volume = {113},
  number = {2},
  pages = {363--375},
  doi = {10.1111/j.2006.0030-1299.14714.x}
}

@article{Lande2000,
  title = {When Species Accumulation Curves Intersect: Implications for Ranking Diversity Using Small Samples},
  author = {Lande, Russell and DeVries, Philip J. and Walla, Thomas R.},
  year = {2000},
  journal = {Oikos},
  volume = {89},
  number = {3},
  pages = {601--605},
  doi = {10.1034/j.1600-0706.2000.890320.x}
}

@article{Legendre2014,
  title = {Interpreting the Replacement and Richness Difference Components of Beta Diversity},
  author = {Legendre, Pierre},
  year = {2014},
  journal = {Global Ecology and Biogeography},
  volume = {23},
  number = {11},
  pages = {1324--1334},
  doi = {10.1111/geb.12207}
}

@article{Marcon2012a,
  title = {The Decomposition of {{Shannon}}'s Entropy and a Confidence Interval for {\emph{Beta}} Diversity},
  author = {Marcon, Eric and H{\'e}rault, Bruno and Baraloto, Christopher and Lang, Gabriel},
  year = {2012},
  journal = {Oikos},
  volume = {121},
  number = {4},
  pages = {516--522},
  doi = {10.1111/j.1600-0706.2011.19267.x}
}

@article{Marcon2014a,
  title = {Generalization of the Partitioning of {{Shannon}} Diversity},
  author = {Marcon, Eric and Scotti, Ivan and H{\'e}rault, Bruno and Rossi, Vivien and Lang, Gabriel},
  year = {2014},
  journal = {Plos One},
  volume = {9},
  number = {3},
  pages = {e90289},
  doi = {10.1371/journal.pone.0090289}
}

@article{Marcon2014b,
  title = {Decomposing Phylodiversity},
  author = {Marcon, Eric and H{\'e}rault, Bruno},
  year = {2015},
  journal = {Methods in Ecology and Evolution},
  volume = {6},
  number = {3},
  pages = {333--339},
  doi = {10.1111/2041-210X.12323}
}

@article{Marcon2014c,
  title = {Entropart, an {{R}} Package to Measure and Partition Diversity},
  author = {Marcon, Eric and H{\'e}rault, Bruno},
  year = {2015},
  journal = {Journal of Statistical Software},
  volume = {67},
  number = {8},
  pages = {1--26},
  doi = {10.18637/jss.v067.i08}
}

@article{Marcon2014e,
  title = {The Decomposition of Similarity-Based Diversity and Its Bias Correction},
  author = {Marcon, Eric and Zhang, Zhiyi and H{\'e}rault, Bruno},
  year = {2014},
  journal = {HAL},
  volume = {00989454},
  number = {version 3}
}

@article{Motomura1932,
  title = {{On the statistical treatment of communities}},
  author = {Motomura, I.},
  year = {1932},
  journal = {Zoological Magazine},
  volume = {44},
  pages = {379--383},
  langid = {japanese}
}

@article{Oksanen2012,
  title = {Vegan: {{Community}} Ecology Package},
  author = {Oksanen, Jari and Blanchet, F. Guillaume and Kindt, Roeland and Legendre, Pierre and Minchin, Peter R. and O'Hara, R. B. and Simpson, Gavin L. and Solymos, Peter and Stevens, M. Henry H. and Wagner, Helene},
  year = {2012}
}

@article{Patil1982,
  title = {Diversity as a Concept and Its Measurement},
  author = {Patil, Ganapati P. and Taillie, Charles},
  year = {1982},
  journal = {Journal of the American Statistical Association},
  volume = {77},
  number = {379},
  pages = {548--561},
  doi = {10.2307/2287709}
}

@article{Preston1948,
  title = {The Commonness, and Rarity, of Species},
  author = {Preston, F. W.},
  year = {1948},
  journal = {Ecology},
  volume = {29},
  number = {3},
  pages = {254--283},
  doi = {10.2307/1930989}
}

@article{Pueyo2007,
  title = {The Maximum Entropy Formalism and the Idiosyncratic Theory of Biodiversity},
  author = {Pueyo, Salvador and He, Fangliang and Zillio, Tommaso},
  year = {2007},
  journal = {Ecology letters},
  volume = {10},
  number = {11},
  pages = {1017--28},
  doi = {10.1111/j.1461-0248.2007.01096.x}
}

@book{R,
  title = {R: {{A}} Language and Environment for Statistical Computing},
  author = {{R Core Team}},
  year = {2022},
  publisher = {{R Foundation for Statistical Computing}},
  address = {{Vienna, Austria}}
}

@article{Tokeshi1990,
  title = {Niche Apportionment or Random Assortment: {{Species}} Abundance Patterns Revisited},
  author = {Tokeshi, Mutsunori},
  year = {1990},
  journal = {Journal of Animal Ecology},
  volume = {59},
  number = {3},
  pages = {1129--1146},
  issn = {00218790},
  doi = {10.2307/5036},
  isbn = {00218790},
  pmid = {19009}
}

@article{Tokeshi1993,
  title = {Species Abundance Patterns and Community Structure},
  author = {Tokeshi, Mutsunori},
  year = {1993},
  journal = {Advances in Ecological Research},
  volume = {24},
  pages = {111--186},
  doi = {10.1016/S0065-2504(08)60042-2}
}

@article{Tothmeresz1995,
  title = {Comparison of Different Methods for Diversity Ordering},
  author = {Tothmeresz, B{\'e}la},
  year = {1995},
  journal = {Journal of Vegetation Science},
  volume = {6},
  number = {2},
  pages = {283--290},
  doi = {10.2307/3236223}
}

@article{Tsallis1988,
  title = {Possible Generalization of Boltzmann-Gibbs Statistics},
  author = {Tsallis, Constantino},
  year = {1988},
  journal = {Journal of Statistical Physics},
  volume = {52},
  number = {1},
  pages = {479--487},
  doi = {10.1007/BF01016429}
}

@article{Tsallis1994,
  title = {What Are the Numbers That Experiments Provide?},
  author = {Tsallis, Constantino},
  year = {1994},
  journal = {Qu\'imica Nova},
  volume = {17},
  number = {6},
  pages = {468--471}
}

@article{Volkov2003,
  title = {Neutral Theory and Relative Species Abundance in Ecology},
  author = {Volkov, Igor and Banavar, Jayanth R. and Hubbell, Stephen P. and Maritan, Amos},
  year = {2003},
  journal = {Nature},
  volume = {424},
  number = {6952},
  pages = {1035--1037},
  doi = {10.1038/nature01883}
}

@article{Wang2011,
  title = {{{SPECIES}}: {{An R}} Package for Species Richness Estimation},
  author = {Wang, Ji-Ping},
  year = {2011},
  journal = {Journal of Statistical Software},
  volume = {40},
  number = {9},
  pages = {1--15},
  doi = {10.18637/jss.v040.i09}
}

@article{Whittaker1972,
  title = {Evolution and Measurement of Species Diversity},
  author = {Whittaker, R. H.},
  year = {1972},
  journal = {Taxon},
  volume = {21},
  number = {2/3},
  pages = {213--251},
  doi = {10.2307/1218190}
}

@article{Williamson2005,
  title = {The Lognormal Distribution Is Not an Appropriate Null Hypothesis for the Species-Abundance Distribution},
  author = {Williamson, Mark and Gaston, Kevin J.},
  year = {2005},
  journal = {Journal of Animal Ecology},
  volume = {74},
  number = {2001},
  pages = {409--422},
  doi = {10.1111/j.1365-2656.2005.00936.x}
}

@article{Zhang2007,
  title = {Turing's Formula Revisited},
  author = {Zhang, Zhiyi and Huang, Hongwei},
  year = {2007},
  journal = {Journal of Quantitative Linguistics},
  volume = {14},
  number = {2-3},
  pages = {222--241},
  doi = {10.1080/09296170701514189}
}

@article{Zhang2010,
  title = {Re-Parameterization of Multinomial Distributions and Diversity Indices},
  author = {Zhang, Zhiyi and Zhou, Jun},
  year = {2010},
  journal = {Journal of Statistical Planning and Inference},
  volume = {140},
  number = {7},
  pages = {1731--1738},
  doi = {10.1016/j.jspi.2009.12.023}
}

@article{Zhang2013,
  title = {Bias Adjustment for a Nonparametric Entropy Estimator},
  author = {Zhang, Zhiyi and Grabchak, Michael},
  year = {2013},
  journal = {Entropy},
  volume = {15},
  number = {6},
  pages = {1999--2011},
  doi = {10.3390/e15061999}
}

@article{Zhang2013a,
  title = {Asymptotic Normality of an Entropy Estimator with Exponentially Decaying Bias},
  author = {Zhang, Zhiyi},
  year = {2013},
  journal = {IEEE Transactions on Information Theory},
  volume = {59},
  number = {1},
  pages = {504--508},
  doi = {10.1109/TIT.2012.2217393}
}

@article{Zhang2014,
  title = {Entropic Representation and Estimation of Diversity Indices},
  author = {Zhang, Zhiyi and Grabchak, Michael},
  year = {2016},
  journal = {Journal of Nonparametric Statistics},
  volume = {28},
  number = {3},
  pages = {563--575},
  doi = {10.1080/10485252.2016.1190357}
}


